<?xml version="1.0" encoding="UTF-8"?>
<SOAP-ENV:Envelope xmlns:SOAP-ENV="http://schemas.xmlsoap.org/soap/envelope/" xmlns:mx="http://www.loc.gov/MARC21/slim" xmlns:of="http://oss.dbc.dk/ns/openformat"><SOAP-ENV:Body><of:formatResponse><marc21><mx:record format="MARC21" type="Bibliographic"><mx:leader>00000ncm a22000000c 4500</mx:leader><mx:controlfield tag="008">090720s2009    dk ||a|  b     ||| |dan|d</mx:controlfield><mx:datafield ind1=" " ind2=" " tag="020"><mx:subfield code="a">9788759818244</mx:subfield></mx:datafield><mx:datafield ind1="2" ind2=" " tag="024"><mx:subfield code="a">M-66134-212-0</mx:subfield><mx:subfield code="d">ib.</mx:subfield><mx:subfield code="c">kr. 1168,00</mx:subfield></mx:datafield><mx:datafield ind1="8" ind2=" " tag="024"><mx:subfield code="a">CN 00052</mx:subfield></mx:datafield><mx:datafield ind1="1" ind2=" " tag="029"><mx:subfield code="a">DKDLA</mx:subfield><mx:subfield code="b">870970-basis:27833888</mx:subfield></mx:datafield><mx:datafield ind1=" " ind2=" " tag="040"><mx:subfield code="a">DKDLA</mx:subfield><mx:subfield code="b">dan</mx:subfield><mx:subfield code="c">DKDLA</mx:subfield></mx:datafield><mx:datafield ind1="0" ind2=" " tag="041"><mx:subfield code="a">dan</mx:subfield><mx:subfield code="b">dan</mx:subfield><mx:subfield code="b">eng</mx:subfield></mx:datafield><mx:datafield ind1=" " ind2=" " tag="049"><mx:subfield code="a">DK-190101</mx:subfield></mx:datafield><mx:datafield ind1=" " ind2=" " tag="084"><mx:subfield code="a">78.42</mx:subfield><mx:subfield code="2">z</mx:subfield></mx:datafield><mx:datafield ind1=" " ind2=" " tag="084"><mx:subfield code="a">78.53</mx:subfield><mx:subfield code="2">z</mx:subfield></mx:datafield><mx:datafield ind1=" " ind2=" " tag="084"><mx:subfield code="a">78.652</mx:subfield><mx:subfield code="2">z</mx:subfield></mx:datafield><mx:datafield ind1=" " ind2=" " tag="084"><mx:subfield code="a">78.31</mx:subfield><mx:subfield code="2">z</mx:subfield></mx:datafield><mx:datafield ind1="1" ind2=" " tag="100"><mx:subfield code="a">Nielsen, Carl,</mx:subfield><mx:subfield code="d">f. 1865</mx:subfield></mx:datafield><mx:datafield ind1="1" ind2="0" tag="245"><mx:subfield code="a">Juvenilia et addenda /</mx:subfield><mx:subfield code="c">Carl Nielsen ; udgivet af Lisbeth Ahlgren Jensen, Lisbeth Larsen</mx:subfield></mx:datafield><mx:datafield ind1=" " ind2=" " tag="260"><mx:subfield code="a">Copenhagen :</mx:subfield><mx:subfield code="b">Carl Nielsen Udgaven, Det Kongelige Bibliotek :</mx:subfield><mx:subfield code="b">Wilhelm Hansen :</mx:subfield><mx:subfield code="b">distribution Wilhelm Hansen,</mx:subfield><mx:subfield code="c">2009</mx:subfield></mx:datafield><mx:datafield ind1=" " ind2=" " tag="300"><mx:subfield code="a">1 partitur (lvi, 330 sider) ;</mx:subfield><mx:subfield code="c">33 cm</mx:subfield></mx:datafield><mx:datafield ind1="1" ind2=" " tag="490"><mx:subfield code="a">Værker / Carl Nielsen ;</mx:subfield><mx:subfield code="v">bind 1</mx:subfield></mx:datafield><mx:datafield ind1=" " ind2=" " tag="500"><mx:subfield code="a">Ed. og Pl.nr.: CN 00052</mx:subfield></mx:datafield><mx:datafield ind1=" " ind2=" " tag="546"><mx:subfield code="a">Med forord på dansk og engelsk og revisionsberetning på engelsk</mx:subfield></mx:datafield><mx:datafield ind1="1" ind2=" " tag="700"><mx:subfield code="a">Ahlgren Jensen, Lisbeth</mx:subfield></mx:datafield><mx:datafield ind1="1" ind2=" " tag="700"><mx:subfield code="a">Larsen, Lisbeth,</mx:subfield><mx:subfield code="d">f. 1977-04-24</mx:subfield></mx:datafield><mx:datafield ind1="1" ind2="2" tag="700"><mx:subfield code="a">Nielsen, Carl,</mx:subfield><mx:subfield code="d">f. 1865</mx:subfield><mx:subfield code="t">Polka for violin, A-dur, FS 1 (CNU add. 1)</mx:subfield></mx:datafield><mx:datafield ind1="1" ind2="2" tag="700"><mx:subfield code="a">Nielsen, Carl,</mx:subfield><mx:subfield code="d">f. 1865</mx:subfield><mx:subfield code="t">Duet for 2 violiner, A-dur, FS 3e (CNU add. 2)</mx:subfield></mx:datafield><mx:datafield ind1="1" ind2="2" tag="700"><mx:subfield code="a">Nielsen, Carl,</mx:subfield><mx:subfield code="d">f. 1865</mx:subfield><mx:subfield code="t">Romance for violin og klaver, G-dur, CNU add. 3</mx:subfield></mx:datafield><mx:datafield ind1="1" ind2="2" tag="700"><mx:subfield code="a">Nielsen, Carl,</mx:subfield><mx:subfield code="d">f. 1865</mx:subfield><mx:subfield code="t">Romance for violin og klaver, D-dur, 1883 (CNU add. 4)</mx:subfield></mx:datafield><mx:datafield ind1="1" ind2="2" tag="700"><mx:subfield code="a">Nielsen, Carl,</mx:subfield><mx:subfield code="d">f. 1865</mx:subfield><mx:subfield code="t">Sonate for violin og klaver, G-dur, FS 3b (CNU add. 5)</mx:subfield></mx:datafield><mx:datafield ind1="1" ind2="2" tag="700"><mx:subfield code="a">Nielsen, Carl,</mx:subfield><mx:subfield code="d">f. 1865</mx:subfield><mx:subfield code="t">Fantasistykke for klarinet og klaver, 1881 (CNU add. 6)</mx:subfield></mx:datafield><mx:datafield ind1="1" ind2="2" tag="700"><mx:subfield code="a">Nielsen, Carl,</mx:subfield><mx:subfield code="d">f. 1865</mx:subfield><mx:subfield code="t">Trio for violin, violoncel og klaver, G-dur, FS 3i (CNU add. 7)</mx:subfield></mx:datafield><mx:datafield ind1="1" ind2="2" tag="700"><mx:subfield code="a">Nielsen, Carl,</mx:subfield><mx:subfield code="d">f. 1865</mx:subfield><mx:subfield code="t">Kvartet for 2 violiner, viola og violoncel, d-mol, FS 3d (CNU add. 8)</mx:subfield></mx:datafield><mx:datafield ind1="1" ind2="2" tag="700"><mx:subfield code="a">Nielsen, Carl,</mx:subfield><mx:subfield code="d">f. 1865</mx:subfield><mx:subfield code="t">Kvartetsatser for 2 violiner, viola og violoncel, FS 3c Allegro, F-dur, CNU add. 9</mx:subfield></mx:datafield><mx:datafield ind1="1" ind2="2" tag="700"><mx:subfield code="a">Nielsen, Carl,</mx:subfield><mx:subfield code="d">f. 1865</mx:subfield><mx:subfield code="t">Kvartetsatser for 2 violiner, viola og violoncel, FS 3c Allegro molto, F-dur, CNU add. 10</mx:subfield></mx:datafield><mx:datafield ind1="1" ind2="2" tag="700"><mx:subfield code="a">Nielsen, Carl,</mx:subfield><mx:subfield code="d">f. 1865</mx:subfield><mx:subfield code="t">Kvartetsatser for 2 violiner, viola og violoncel, FS 3c Allegro moderato, F-dur, CNU add. 11</mx:subfield></mx:datafield><mx:datafield ind1="1" ind2="2" tag="700"><mx:subfield code="a">Nielsen, Carl,</mx:subfield><mx:subfield code="d">f. 1865</mx:subfield><mx:subfield code="t">Kvartetsatser for 2 violiner, viola og violoncel, FS 3c Allegro, g-mol, CNU add. 12</mx:subfield></mx:datafield><mx:datafield ind1="1" ind2="2" tag="700"><mx:subfield code="a">Nielsen, Carl,</mx:subfield><mx:subfield code="d">f. 1865</mx:subfield><mx:subfield code="t">Kvartetsatser for 2 violiner, viola og violoncel, FS 3c Andante, fis-mol, CNU add. 13</mx:subfield></mx:datafield><mx:datafield ind1="1" ind2="2" tag="700"><mx:subfield code="a">Nielsen, Carl,</mx:subfield><mx:subfield code="d">f. 1865</mx:subfield><mx:subfield code="t">Kvartetsatser for 2 violiner, viola og violoncel, FS 3c Menuet, B-dur, CNU add. 14</mx:subfield></mx:datafield><mx:datafield ind1="1" ind2="2" tag="700"><mx:subfield code="a">Nielsen, Carl,</mx:subfield><mx:subfield code="d">f. 1865</mx:subfield><mx:subfield code="t">Trauermarsch for 2 violiner, viola og violoncel, CNU add. 15</mx:subfield></mx:datafield><mx:datafield ind1="1" ind2="2" tag="700"><mx:subfield code="a">Nielsen, Carl,</mx:subfield><mx:subfield code="d">f. 1865</mx:subfield><mx:subfield code="t">To karakterstykker for klaver, FS 3f (CNU add. 16)</mx:subfield></mx:datafield><mx:datafield ind1="1" ind2="2" tag="700"><mx:subfield code="a">Nielsen, Carl,</mx:subfield><mx:subfield code="d">f. 1865</mx:subfield><mx:subfield code="t">Norsk folkedans for klaver, CNU add. 17</mx:subfield></mx:datafield><mx:datafield ind1="1" ind2="2" tag="700"><mx:subfield code="a">Nielsen, Carl,</mx:subfield><mx:subfield code="d">f. 1865</mx:subfield><mx:subfield code="t">Andante for klaver, F-dur, CNU add. 18</mx:subfield></mx:datafield><mx:datafield ind1="1" ind2="2" tag="700"><mx:subfield code="a">Nielsen, Carl,</mx:subfield><mx:subfield code="d">f. 1865</mx:subfield><mx:subfield code="t">Klaverstykke, Es-dur, CNU add. 19</mx:subfield></mx:datafield><mx:datafield ind1="1" ind2="2" tag="700"><mx:subfield code="a">Nielsen, Carl,</mx:subfield><mx:subfield code="d">f. 1865</mx:subfield><mx:subfield code="t">Bondedans for klaver, F-dur, CNU add. 20</mx:subfield></mx:datafield><mx:datafield ind1="1" ind2="2" tag="700"><mx:subfield code="a">Nielsen, Carl,</mx:subfield><mx:subfield code="d">f. 1865</mx:subfield><mx:subfield code="t">Allegretto for klaver, g-mol, CNU add. 21</mx:subfield></mx:datafield><mx:datafield ind1="1" ind2="2" tag="700"><mx:subfield code="a">Nielsen, Carl,</mx:subfield><mx:subfield code="d">f. 1865</mx:subfield><mx:subfield code="t">Klaverstykke, B-dur, CNU add. 22</mx:subfield></mx:datafield><mx:datafield ind1="1" ind2="2" tag="700"><mx:subfield code="a">Nielsen, Carl,</mx:subfield><mx:subfield code="d">f. 1865</mx:subfield><mx:subfield code="t">Menuet for klaver, A-dur, CNU add. 23</mx:subfield></mx:datafield><mx:datafield ind1="1" ind2="2" tag="700"><mx:subfield code="a">Nielsen, Carl,</mx:subfield><mx:subfield code="d">f. 1865</mx:subfield><mx:subfield code="t">Klaverstykke, A-dur, CNU add. 24</mx:subfield></mx:datafield><mx:datafield ind1="1" ind2="2" tag="700"><mx:subfield code="a">Nielsen, Carl,</mx:subfield><mx:subfield code="d">f. 1865</mx:subfield><mx:subfield code="t">Andantino for klaver, F-dur, CNU add. 25</mx:subfield></mx:datafield><mx:datafield ind1="1" ind2="2" tag="700"><mx:subfield code="a">Nielsen, Carl,</mx:subfield><mx:subfield code="d">f. 1865</mx:subfield><mx:subfield code="t">Klaverstykke, C-dur, CNU add. 26</mx:subfield></mx:datafield><mx:datafield ind1="1" ind2="2" tag="700"><mx:subfield code="a">Nielsen, Carl,</mx:subfield><mx:subfield code="d">f. 1865</mx:subfield><mx:subfield code="t">Et lille klaverstykke, C-dur, CNU add. 27</mx:subfield></mx:datafield><mx:datafield ind1="1" ind2="2" tag="700"><mx:subfield code="a">Nielsen, Carl,</mx:subfield><mx:subfield code="d">f. 1865</mx:subfield><mx:subfield code="t">Kantate til mindefesten for P.S. Krøyer, CNU add. 28 : for recitation, sopran, baryton, mandskor og klaver</mx:subfield></mx:datafield><mx:datafield ind1="1" ind2="2" tag="700"><mx:subfield code="a">Nielsen, Carl,</mx:subfield><mx:subfield code="d">f. 1865</mx:subfield><mx:subfield code="t">Snefrid (Forspil) : for klaver (CNU add. 29)</mx:subfield></mx:datafield><mx:datafield ind1="1" ind2="2" tag="700"><mx:subfield code="a">Nielsen, Carl,</mx:subfield><mx:subfield code="d">f. 1865</mx:subfield><mx:subfield code="t">Snefrid : for recitation og klaverkvintet (CNU add. 30)</mx:subfield></mx:datafield><mx:datafield ind1="1" ind2="2" tag="700"><mx:subfield code="a">Nielsen, Carl,</mx:subfield><mx:subfield code="d">f. 1865</mx:subfield><mx:subfield code="t">Hr. Oluf han rider Elverdans : for klaver (CNU add. 31)</mx:subfield></mx:datafield><mx:datafield ind1="1" ind2="2" tag="700"><mx:subfield code="a">Nielsen, Carl,</mx:subfield><mx:subfield code="d">f. 1865</mx:subfield><mx:subfield code="t">Hagbarth og Signe Ternernes dans : for klaver (CNU add. 32)</mx:subfield></mx:datafield><mx:datafield ind1="1" ind2="2" tag="700"><mx:subfield code="a">Nielsen, Carl,</mx:subfield><mx:subfield code="d">f. 1865</mx:subfield><mx:subfield code="t">Canto serioso : for violoncel og klaver, CNU add. 33</mx:subfield></mx:datafield><mx:datafield ind1="1" ind2="2" tag="700"><mx:subfield code="a">Nielsen, Carl,</mx:subfield><mx:subfield code="d">f. 1865</mx:subfield><mx:subfield code="t">Aladdin (uddrag)</mx:subfield></mx:datafield><mx:datafield ind1="1" ind2="2" tag="700"><mx:subfield code="a">Nielsen, Carl,</mx:subfield><mx:subfield code="d">f. 1865</mx:subfield><mx:subfield code="t">Kinesisk dans</mx:subfield></mx:datafield><mx:datafield ind1="1" ind2="2" tag="700"><mx:subfield code="a">Nielsen, Carl,</mx:subfield><mx:subfield code="d">f. 1865</mx:subfield><mx:subfield code="t">Fangernes dans</mx:subfield></mx:datafield><mx:datafield ind1="1" ind2="2" tag="700"><mx:subfield code="a">Nielsen, Carl,</mx:subfield><mx:subfield code="d">f. 1865</mx:subfield><mx:subfield code="t">Hindu-dabs</mx:subfield></mx:datafield><mx:datafield ind1="1" ind2="2" tag="700"><mx:subfield code="a">Nielsen, Carl,</mx:subfield><mx:subfield code="d">f. 1865</mx:subfield><mx:subfield code="t">Negerdans</mx:subfield></mx:datafield><mx:datafield ind1="1" ind2="2" tag="700"><mx:subfield code="a">Nielsen, Carl,</mx:subfield><mx:subfield code="d">f. 1865</mx:subfield><mx:subfield code="t">Dans og kor</mx:subfield></mx:datafield><mx:datafield ind1="1" ind2="2" tag="700"><mx:subfield code="a">Nielsen, Carl,</mx:subfield><mx:subfield code="d">f. 1865</mx:subfield><mx:subfield code="t">Morgentågernes dans : for klaver (CNU add. 34)</mx:subfield></mx:datafield><mx:datafield ind1="1" ind2="2" tag="700"><mx:subfield code="a">Nielsen, Carl,</mx:subfield><mx:subfield code="d">f. 1865</mx:subfield><mx:subfield code="t">Moderen (uddrag)</mx:subfield></mx:datafield><mx:datafield ind1="1" ind2="2" tag="700"><mx:subfield code="a">Nielsen, Carl,</mx:subfield><mx:subfield code="d">f. 1865</mx:subfield><mx:subfield code="t">Tågen letter</mx:subfield></mx:datafield><mx:datafield ind1="1" ind2="2" tag="700"><mx:subfield code="a">Nielsen, Carl,</mx:subfield><mx:subfield code="d">f. 1865</mx:subfield><mx:subfield code="t">Fjerde billede (Forspil)</mx:subfield></mx:datafield><mx:datafield ind1="1" ind2="2" tag="700"><mx:subfield code="a">Nielsen, Carl,</mx:subfield><mx:subfield code="d">f. 1865</mx:subfield><mx:subfield code="t">Menuet</mx:subfield></mx:datafield><mx:datafield ind1="1" ind2="2" tag="700"><mx:subfield code="a">Nielsen, Carl,</mx:subfield><mx:subfield code="d">f. 1865</mx:subfield><mx:subfield code="t">Syvende billede (Forspil)</mx:subfield></mx:datafield><mx:datafield ind1="1" ind2="2" tag="700"><mx:subfield code="a">Nielsen, Carl,</mx:subfield><mx:subfield code="d">f. 1865</mx:subfield><mx:subfield code="t">March : for klaver (CNU add. 35)</mx:subfield></mx:datafield><mx:datafield ind1="1" ind2="2" tag="700"><mx:subfield code="a">Nielsen, Carl,</mx:subfield><mx:subfield code="d">f. 1865</mx:subfield><mx:subfield code="t">Der er et yndigt land : for 2 trompeter, 2 basuner og tuba, CNU add. 36</mx:subfield></mx:datafield><mx:datafield ind1="1" ind2="2" tag="700"><mx:subfield code="a">Nielsen, Carl,</mx:subfield><mx:subfield code="d">f. 1865</mx:subfield><mx:subfield code="t">Kantate ved Polyteknisk Læreanstalts 100 års jubilæum : for recitation, mandskor, strygere og klaver (CNU add. 37)</mx:subfield></mx:datafield><mx:datafield ind1="1" ind2="2" tag="700"><mx:subfield code="a">Nielsen, Carl,</mx:subfield><mx:subfield code="d">f. 1865</mx:subfield><mx:subfield code="t">Fuga for 2 stemmer, CNU add. 38</mx:subfield></mx:datafield><mx:datafield ind1="1" ind2="2" tag="700"><mx:subfield code="a">Nielsen, Carl,</mx:subfield><mx:subfield code="d">f. 1865</mx:subfield><mx:subfield code="t">Fuga for 2 stemmer, CNU add. 39</mx:subfield></mx:datafield><mx:datafield ind1="1" ind2="2" tag="700"><mx:subfield code="a">Nielsen, Carl,</mx:subfield><mx:subfield code="d">f. 1865</mx:subfield><mx:subfield code="t">Fuga for 3 stemmer, CNU add. 40</mx:subfield></mx:datafield><mx:datafield ind1="1" ind2="2" tag="700"><mx:subfield code="a">Nielsen, Carl,</mx:subfield><mx:subfield code="d">f. 1865</mx:subfield><mx:subfield code="t">Fuga for 3 stemmer, CNU add. 41</mx:subfield></mx:datafield><mx:datafield ind1="1" ind2="2" tag="700"><mx:subfield code="a">Nielsen, Carl,</mx:subfield><mx:subfield code="d">f. 1865</mx:subfield><mx:subfield code="t">Fuga for 3 stemmer, CNU add. 42</mx:subfield></mx:datafield><mx:datafield ind1="1" ind2="2" tag="700"><mx:subfield code="a">Nielsen, Carl,</mx:subfield><mx:subfield code="d">f. 1865</mx:subfield><mx:subfield code="t">Fuga for 3 stemmer, CNU add. 43</mx:subfield></mx:datafield><mx:datafield ind1="1" ind2="2" tag="700"><mx:subfield code="a">Nielsen, Carl,</mx:subfield><mx:subfield code="d">f. 1865</mx:subfield><mx:subfield code="t">Fuga for 3 stemmer, CNU add. 44</mx:subfield></mx:datafield><mx:datafield ind1="1" ind2="2" tag="700"><mx:subfield code="a">Nielsen, Carl,</mx:subfield><mx:subfield code="d">f. 1865</mx:subfield><mx:subfield code="t">Grüss, CNU add. 45 : for violin</mx:subfield></mx:datafield><mx:datafield ind1="1" ind2="2" tag="700"><mx:subfield code="a">Nielsen, Carl,</mx:subfield><mx:subfield code="d">f. 1865</mx:subfield><mx:subfield code="t">Gade, CNU add. 46 : for klaver</mx:subfield></mx:datafield><mx:datafield ind1="1" ind2="2" tag="700"><mx:subfield code="a">Nielsen, Carl,</mx:subfield><mx:subfield code="d">f. 1865</mx:subfield><mx:subfield code="t">Danmark!, CNU add. 47</mx:subfield></mx:datafield><mx:datafield ind1="1" ind2="2" tag="700"><mx:subfield code="a">Nielsen, Carl,</mx:subfield><mx:subfield code="d">f. 1865</mx:subfield><mx:subfield code="t">Velkommen i Della Grazia 20, lille Marie!, CNU add. 48 : for klaver</mx:subfield></mx:datafield><mx:datafield ind1="1" ind2="2" tag="700"><mx:subfield code="a">Nielsen, Carl,</mx:subfield><mx:subfield code="d">f. 1865</mx:subfield><mx:subfield code="t">Hyrdedrengens melodi, CNU add. 49 : for obo</mx:subfield></mx:datafield><mx:datafield ind1="2" ind2=" " tag="710"><mx:subfield code="a">Carl Nielsen Udgaven</mx:subfield></mx:datafield><mx:datafield ind1="0" ind2="2" tag="740"><mx:subfield code="a">2 karakterstykker for klaver, FS 3f</mx:subfield></mx:datafield><mx:datafield ind1=" " ind2="0" tag="830"><mx:subfield code="a">Værker (Carl Nielsen).</mx:subfield><mx:subfield code="n">Serie IV.</mx:subfield><mx:subfield code="p">Juvenilia et addenda ;</mx:subfield><mx:subfield code="v">bind 1</mx:subfield></mx:datafield><mx:datafield ind1=" " ind2=" " tag="901"><mx:subfield code="a">785</mx:subfield></mx:datafield></mx:record><hs activity="insert">DKDLA</hs></marc21></of:formatResponse></SOAP-ENV:Body></SOAP-ENV:Envelope>
